%! Author = darek
%! Date = 25.08.2024

@book{texbook,
  author = {Donald E. Knuth},
  year = {1986},
  title = {The {\TeX} Book},
  publisher = {Addison-Wesley Professional}
}

@article{Klanner2019,
    author = "Robert Klanner",
    title = "Empfindlich und Robust. Halbleiter-Photovervielfacher sind auf dem Vormarsch zu neuen Anwendungen.",
    journal = "Physik Journal",
    year = "2019"
}

@phdthesis{Zvolsky2017,
    author = "Milan Zvolsky",
    title = "Simulation, Image Reconstruction and SiPM Characterisation for a Novel Endoscopic Positron Emission Tomography Detector",
    school = "Universität Hamburg",
    year = "2017"
}#

@booklet{Versuchsmappe,
    author = "Milan Zvolsky",
    title = "-KV4- Zählen einzelner Photonen mit einem Silicon Photomultiplier (SiPM). Fortgeschrittenen-Praktikum Kurzversuchsmappe",
    school = "Universtität Hamburg",
    year = "2018"
}

@manual{Hamamatsu,
    organization = "Hamamatsu",
    title = "MPPC, Multi-Pixel Photo Couner",
    year = "2016",
}

