%! Author = darek
%! Date = 25.08.2024

